%%%%%%%%%%%%%%%%%%%%%%%%%%%%%%%%%%%%%%%%%%%%%%%%%%%%%%%%%%%%%%%
%                                                               %
%               LATEX BIBLIOGRAPHY DATABASE                     %
%                                                               %
%%%%%%%%%%%%%%%%%%%%%%%%%%%%%%%%%%%%%%%%%%%%%%%%%%%%%%%%%%%%%%%%%

%%%%%%%%%%%%%%%%%%%%%%%%%%%%%%%%%%%%%%%%%%%%%%%%%%%%%%%%%%%%%%%%%
%
% Partial listing of entry types:
%   ARTICLE: author, title, journal, year
%       volume, number, pages, month, note
%   BOOK: author, title, publisher, year
%       volume, series, address, edition, month, note
%   INBOOK: author, title, chapter and/or pages, publisher, year
%       volume, series, address, edition, month, note
%   INPROCEEDINGS: author, title, booktitle, publisher, year
%       editor, chapter, pages, address, month, note
%   MASTERSTHESIS: author, title, school, year
%       address, month, note
%   PHDTHESIS: same as mastersthesis
%   TECHREPORT: author, title, school, year
%       type, number, address, month, note
%   INCOLLECTION: author, title, booktitle, year
%       editor, chapter, pages, address, month, note
%   MISC: 
%       author, title, howpublished, month, year, note
%
% Usage in text:
%    \cite{keyword}
%    \nocite{keyword} - to put entry not explicitly cited in text
%                       into Bibliography
%
% After running latex on "main.tex", a file "main.aux" is produced.
% Run "bibtex main". Bibtex takes this main.aux file and produces a
% LaTeX source file with the references. Running LaTeX again 
% will put the right crossreferences in the text. Run LaTeX on
% "main.tex" until it stops giving warnings about references.
%
% \bibliographystyle{} styles: plain, unsrt, alpha, abbrv.
% Surround capital letters which you will always want capitalized in
% braces.
% ex:   TITLE = "The {S}hannon Sampling Theorem --- Its Various
%                Extensions and Applications: A Tutorial Review",
%
%%%%%%%%%%%%%%%%%%%%%%%%%%%%%%%%%%%%%%%%%%%%%%%%%%%%%%%%%%%%%%%%%

% abbreviations:

@string{jsait    = "IEEE J.\ Select.\ Areas Inform.\ Theory"}
@string{jsac    = "IEEE J.\ Select.\ Areas Commun."}
@string{tassp   = "IEEE Trans.\ Acoust., Speech, Signal Processing"}
@string{tac	= "IEEE Trans.\ Automat.\ Contr."}
@string{taes	= "IEEE Trans.\ Aerospace Elec.\ Syst."}
@string{tsp	= "IEEE Trans.\ Signal Processing"}
@string{tbroad	= "IEEE Trans.\ Broadcasting"}
@string{tcas    = "IEEE Trans.\ Circuits and Systems"}
@string{tcasi   = "IEEE Trans.\ Circuits and Systems {I}"}
@string{tcasii  = "IEEE Trans.\ Circuits and Systems {II}"}
@string{tcomm   = "IEEE Trans.\ Commun."}
@string{tcommt   = "IEEE Trans.\ Commun.\ Technol."}
@string{tcomms   = "IEEE Trans.\ Commun.\ Syst."}
@string{timage = "IEEE Trans.\ Image Processing"}
@string{tinfo	= "IEEE Trans.\ Inform.\ Theory"}
@string{tbe	= "IEEE Trans.\ Biomed.\ Eng."}
@string{tmm	= "IEEE Trans.\ Multimedia"}
@string{tmi	= "IEEE Trans.\ on Medical Imaging"}
@string{tpami   = "IEEE Trans.\ Pattern Anal.\ Machine Intell."}
@string{tsmc    = "IEEE Trans.\ Syst., Man, Cybern."}
@string{tc      = "IEEE Trans.\ Comput."}
@string{icassp	= "Proc.\ Int.\ Conf.\ Acoust.\ Speech, Signal Processing"}
@string{icip	= "Proc.\ Int.\ Conf.\ Image Processing"}
@string{isit	= "Proc.\ Int.\ Symp.\ Inform.\ Theory"}
@string{cdc	= "Proc.\ Int.\ Conf.\ Dec.\ Contr."}
@string{dspw    = "Proc.\ Digital Signal Processing Workshop"}
@string{pieee   = "Proc.\ IEEE"}
@string{mcomm	= "IEEE Commun.\ Mag."}
@string{msp	= "IEEE Signal Proc.\ Mag."}
@string{cpam	= "Commun. Pure Appl.\ Math."}
@string{siamr	= "SIAM Rev."}
@string{ams     = "Trans.\ Amer.\ Math.\ Soc."}
@string{siamr	= "SIAM Rev."}
@string{prl	= "Phys.\ Rev.\ Lett."}
@string{pra	= "Phys.\ Rev.\ A"}
@string{gcom    = "Proc.\ IEEE GLOBECOM"}
@string{infocomm    = "Proc.\ IEEE INFOCOMM"}
@string{tvt     = "IEEE Trans.\ Vehic.\ Technol."}
@string{tnet    = "IEEE/ACM Trans.\ Networking"}
@string{el      = "Electron.\ Lett."}
@string{icc     = "Proc.\ Int.\ Conf.\ Commun."}
@string{vtc     = "Proc.\ Vehic.\ Tech.\ Soc.\ Conf."}
@string{bstj    = "Bell Syst.\ Tech.\ J."}
@string{bltj    = "Bell Labs.\ Tech.\ J."}
@string{jasa    = "J.\ Acoust.\ Soc.\ Am."}
@string{ett     = "Euro.\ Trans.\ on Telecomm.\ and Related Technol."}
@string{dcc	= "Proc.\ Data\ Compression\ Conf."}
@string{ic      = "Inform.\ and Contr."}
@string{zwg     = "Z.~Wahrscheinlichkeitsth.~Verw.~Gebiete"}
@string{ppi     = "Prob.~Peredachi Informatsii"}

@string{jmlr     = "J. of Machine Learning Research"}
@string{nips     = "Advances in Neural Inf. Proc. Sys."}
@string{aistats     = "Int. Conf. Artificial Intelligence and Stat."}
@string{iclr     = "Int. Conf. Learning Representations"}
@string{icml     = "Int. Conf. Machine Learning"}
@string{icmla     = "Int. Conf. Machine Learning and Applications"}




@book{kay1993fundamentals,
	title={Fundamentals of statistical signal processing},
	author={Kay, Steven M},
	year={1993},
	publisher={Prentice Hall PTR}
}

@book{shalev2014understanding,
	title={Understanding machine learning: From theory to algorithms},
	author={Shalev-Shwartz, Shai and Ben-David, Shai},
	year={2014},
	publisher={Cambridge University Press}
}

@book{boyd2004convex,
	title={Convex optimization},
	author={Boyd, Stephen and Vandenberghe, Lieven},
	year={2004},
	publisher={Cambridge University Press}
}

@book{mackay2003information,
	title={Information theory, inference and learning algorithms},
	author={MacKay, David JC},
	year={2003},
	publisher={Cambridge university press}
}

@article{smith1997scientist,
	title={The scientist and engineer's guide to digital signal processing},
	author={Smith, Steven W and others},
	year={1997},
	publisher={California Technical Pub. San Diego}
}

@book{sze2014high,
	title={High Efficiency Video Coding ({HEVC}): Algorithms and Architectures},
	author={Sze, V. and Budagavi, M. and Sullivan, G.J.},
	year={2014},
	publisher={Springer International Publishing}
}

@book{cover1999elements,
	title={Elements of information theory},
	author={Cover, Thomas M},
	year={1999},
	publisher={John Wiley \& Sons}
}

@book{wiegand2011source,
	title={Source coding: Part {I} of fundamentals of source and video coding},
	author={Wiegand, Thomas and Schwarz, Heiko},
	year={2011},
	publisher={Now Publishers Inc}
}

@article{wannamaker1997theory,
	title={The theory of dithered quantization},
	author={Wannamaker, Robert Alexander},
	year={1997},
	publisher={University of Waterloo}
}

@book{oppenheim2001discrete,
	title={Discrete-time signal processing},
	author={Oppenheim, Alan V and Buck, John R and Schafer, Ronald W},
	year={2001},
	publisher={Pearson Education Limited}
}







@article{patarasuk2009bandwidth,
	title={Bandwidth optimal all-reduce algorithms for clusters of workstations},
	author={Patarasuk, Pitch and Yuan, Xin},
	journal={Journal of Parallel and Distributed Computing},
	pages={117--124},
	year={2009},
	month={Feb},
	publisher={Elsevier}
}

@article{duchi2011dual,
	title={Dual averaging for distributed optimization: Convergence analysis and network scaling},
	author={Duchi, John C and Agarwal, Alekh and Wainwright, Martin J},
	journal=tac,
	pages={592--606},
	month={Jun},
	year={2011}
}

@article{dekel2012optimal,
	title={Optimal distributed online prediction using mini-batches},
	author={Dekel, Ofer and Gilad-Bachrach, Ran and Shamir, Ohad and Xiao, Lin},
	journal=jmlr,
	pages={165--202},
	month={Jan},
	year={2012}
}

@article{tsianos2016efficient,
	title={Efficient distributed online prediction and stochastic optimization with approximate distributed averaging},
	author={Tsianos, Konstantinos I and Rabbat, Michael G},
	journal={IEEE Trans. Signal Inf. Proc. over Networks},
	pages={489--506},
	month={Oct},
	year={2016}
}

@article{xiao2007distributed,
	title={Distributed average consensus with least-mean-square deviation},
	author={Xiao, Lin and Boyd, Stephen and Kim, Seung-Jean},
	journal={J. of parallel and distributed computing},
	pages={33--46},
	month={Jan},
	year={2007}
}

@article{nesterov2009primal,
	title={Primal-dual subgradient methods for convex problems},
	author={Nesterov, Yurii},
	journal={Mathematical programming},
	pages={221--259},
	month={Aug},
	year={2009},
	publisher={Springer}
}

@article{xiao2010dual,
	title={Dual averaging methods for regularized stochastic learning and online optimization},
	author={Xiao, Lin},
	journal=jmlr,
	year={2010},
	month={Oct},
	pages={2543--2596}
}

@article{lessard2016analysis,
	title={Analysis and design of optimization algorithms via integral quadratic constraints},
	author={Lessard, Laurent and Recht, Benjamin and Packard, Andrew},
	journal={SIAM J. on Optimization},
	year={2016},
	month={Jan},
	pages={57--95}
}

@article{natarajan2017cost,
	title={Cost-Sensitive Learning with Noisy Labels},
	author={Natarajan, Nagarajan and Dhillon, Inderjit S and Ravikumar, Pradeep and Tewari, Ambuj},
	journal=jmlr,
	year={2017},
	month={Jan},
	pages={155--1}
}

@article{ILSVRC15,
	Title = {ImageNet Large Scale Visual Recognition Challenge},
	author = {Olga Russakovsky and Jia Deng and Hao Su and Jonathan Krause and Sanjeev Satheesh and Sean Ma and Zhiheng Huang and Andrej Karpathy and Aditya Khosla and Michael Bernstein and Alexander C. Berg and Li Fei-Fei},
	year = {2015},
	journal = {International Journal of Computer Vision},
	pages={211--252}
}

% CIFAR100 dataset reference
@article{krizhevsky2009learning,
	title={Learning multiple layers of features from tiny images},
	author={Krizhevsky, Alex and others},
	year={2009},
	publisher={Citeseer}
}

@article{lloyd1982least,
	title={Least squares quantization in {PCM}},
	author={Lloyd, Stuart},
	journal=tinfo,
	pages={129--137},
	year={1982},
	publisher={IEEE}
}

@article{chou1989entropy,
	title={Entropy-constrained vector quantization},
	author={Chou, Philip A and Lookabaugh, Tom and Gray, Robert M},
	journal=tassp,
	pages={31--42},
	year={1989},
	publisher={IEEE}
}

@inproceedings{dimakis2007lower,
	title={Lower bounds on the rate-distortion function of {LDGM} codes},
	author={Dimakis, Alexandros G and Wainwright, Martin J and Ramchandran, Kannan},
	booktitle={IEEE Inform. Theory Workshop},
	pages={650--655},
	year={2007},
	organization={IEEE}
}

@article{dean2008mapreduce,
	title={MapReduce: simplified data processing on large clusters},
	author={Dean, Jeffrey and Ghemawat, Sanjay},
	journal={Communications of the ACM},
	volume={51},
	number={1},
	pages={107--113},
	year={2008},
	publisher={ACM New York, NY, USA}
}

@inproceedings{ananthanarayanan2010reining,
	title={Reining in the Outliers in Map-Reduce Clusters using Mantri.},
	author={Ananthanarayanan, Ganesh and Kandula, Srikanth and Greenberg, Albert G and Stoica, Ion and Lu, Yi and Saha, Bikas and Harris, Edward},
	booktitle={Osdi},
	month = {Oct},
	year={2010}
}

@article{chen2013improving,
	title={Improving MapReduce performance using smart speculative execution strategy},
	author={Chen, Qi and Liu, Cheng and Xiao, Zhen},
	journal={IEEE Transactions on Computers},
	volume={63},
	number={4},
	pages={954--967},
	year={2013},
	publisher={IEEE}
}

@inproceedings{zaharia2008improving,
	title={Improving MapReduce performance in heterogeneous environments.},
	author={Zaharia, Matei and Konwinski, Andy and Joseph, Anthony D and Katz, Randy H and Stoica, Ion},
	booktitle={Osdi},
	month = {Dec},
	year={2008}
}





@article{zhao2013sparse,
	title={Sparse allreduce: Efficient scalable communication for power-law data},
	author={Zhao, Huasha and Canny, John},
	journal={arXiv preprint arXiv:1312.3020},
	year={2013}
}

@article{sergeev2018horovod,
	Title = {Horovod: Fast and easy distributed deep learning in {TensorFlow}},
	Author = {Alexander Sergeev and Mike Del Balso},
	Journal = {arXiv preprint arXiv:1802.05799},
	Year = {2018}
}

@article{devlin2018bert,
	title={{BERT}: Pre-training of deep bidirectional transformers for language understanding},
	author={Devlin, Jacob and Chang, Ming-Wei and Lee, Kenton and Toutanova, Kristina},
	journal={arXiv preprint arXiv:1810.04805},
	month = {Oct},
	year={2018}
}

@article{aji2017sparse,
	title={Sparse communication for distributed gradient descent},
	author={Aji, Alham Fikri and Heafield, Kenneth},
	journal={arXiv preprint arXiv:1704.05021},
	year={2017}
}

@article{lin2017deep,
	title={Deep gradient compression: Reducing the communication bandwidth for distributed training},
	author={Lin, Yujun and Han, Song and Mao, Huizi and Wang, Yu and Dally, William J},
	journal={arXiv preprint arXiv:1712.01887},
	year={2017}
}

@article{shi2019understanding,
	title={Understanding {Top}-k sparsification in distributed deep learning},
	author={Shi, Shaohuai and Chu, Xiaowen and Cheung, Ka Chun and See, Simon},
	journal={arXiv preprint arXiv:1911.08772},
	month = {Nov},
	year={2019}
}

@article{konevcny2016federated,
	title={Federated optimization: Distributed machine learning for on-device intelligence},
	author={Kone{\v{c}}n{\`y}, Jakub and McMahan, H Brendan and Ramage, Daniel and Richt{\'a}rik, Peter},
	journal={arXiv preprint arXiv:1610.02527},
	month = {Oct},
	year={2016}
}

@article{konevcny2016federatedlearning,
	title={Federated learning: Strategies for improving communication efficiency},
	author={Kone{\v{c}}n{\`y}, Jakub and McMahan, H Brendan and Yu, Felix X and Richt{\'a}rik, Peter and Suresh, Ananda Theertha and Bacon, Dave},
	journal={arXiv preprint arXiv:1610.05492},
	year={2016}
}

@article{lucas2018aggregated,
	title={Aggregated momentum: Stability through passive damping},
	author={Lucas, James and Sun, Shengyang and Zemel, Richard and Grosse, Roger},
	journal={arXiv preprint arXiv:1804.00325},
	month = {Apr},
	year={2018}
}

@article{aji2017sparse,
	title={Sparse communication for distributed gradient descent},
	author={Aji, Alham Fikri and Heafield, Kenneth},
	journal={arXiv preprint arXiv:1704.05021},
	year={2017}
}

@inproceedings{wangni2018gradient,
	title={Gradient sparsification for communication-efficient distributed optimization},
	author={Wangni, Jianqiao and Wang, Jialei and Liu, Ji and Zhang, Tong},
	booktitle=nips,
	pages={1299--1309},
	year={2018}
}

@article{scott2019learning,
	title={Learning from Multiple Corrupted Sources, with Application to Learning from Label Proportions},
	author={Scott, Clayton and Zhang, Jianxin},
	journal={arXiv preprint arXiv:1910.04665},
	month = {Oct},
	year={2019}
}

@article{xiao2017fashion,
	title={Fashion-{MNIST}: a novel image dataset for benchmarking machine learning algorithms},
	author={Xiao, Han and Rasul, Kashif and Vollgraf, Roland},
	journal={arXiv preprint arXiv:1708.07747},
	month = {Aug},
	year={2017}
}

@article{dau2019optimizing,
	title={Optimizing the Transition Waste in Coded Elastic Computing},
	author={Dau, Hoang and Gabrys, Ryan and Huang, Yu-Chih and Feng, Chen and Luu, Quang-Hung and Alzahrani, Eidah and Tari, Zahir},
	journal={arXiv preprint arXiv:1910.00796},
	year={2019}
}

@article{yu2018gradiveq,
	title={Gradiveq: Vector quantization for bandwidth-efficient gradient aggregation in distributed cnn training},
	author={Yu, Mingchao and Lin, Zhifeng and Narra, Krishna and Li, Songze and Li, Youjie and Kim, Nam Sung and Schwing, Alexander and Annavaram, Murali and Avestimehr, Salman},
	journal={arXiv preprint arXiv:1811.03617},
	year={2018}
}

@article{wang2018cooperative,
	title={Cooperative {SGD}: {A} unified framework for the design and analysis of communication-efficient {SGD} algorithms},
	author={Wang, Jianyu and Joshi, Gauri},
	journal={arXiv preprint arXiv:1808.07576},
	year={2018}
}

@article{kairouz2019advances,
	title={Advances and open problems in federated learning},
	author={Kairouz, Peter and McMahan, H Brendan and Avent, Brendan and Bellet, Aur{\'e}lien and Bennis, Mehdi and Bhagoji, Arjun Nitin and Bonawitz, Keith and Charles, Zachary and Cormode, Graham and Cummings, Rachel and others},
	journal={arXiv preprint arXiv:1912.04977},
	year={2019}
}

@article{wang2020overlap,
	title={Overlap {Local-SGD}: An Algorithmic Approach to Hide Communication Delays in Distributed {SGD}},
	author={Wang, Jianyu and Liang, Hao and Joshi, Gauri},
	journal={arXiv preprint arXiv:2002.09539},
	year={2020}
}

@article{chrabaszcz2017downsampled,
	title={A Downsampled Variant of {ImageNet} as an Alternative to the {CIFAR} datasets},
	author={Chrabaszcz, Patryk and Loshchilov, Ilya and Hutter, Frank},
	journal={arXiv preprint arXiv:1707.08819},
	year={2017}
}

@article{zagoruyko2016wide,
	title={Wide residual networks},
	author={Zagoruyko, Sergey and Komodakis, Nikos},
	journal={arXiv preprint arXiv:1605.07146},
	year={2016}
}

@article{horvath2020better,
	title={A Better Alternative to Error Feedback for Communication-Efficient Distributed Learning},
	author={Horv{\'a}th, Samuel and Richt{\'a}rik, Peter},
	journal={arXiv preprint arXiv:2006.11077},
	year={2020}
}

@article{gurbuzbalaban2019random,
	title={Why random reshuffling beats stochastic gradient descent},
	author={G{\"u}rb{\"u}zbalaban, Mert and Ozdaglar, Asu and Parrilo, PA},
	journal={Mathematical Programming},
	year={2019}
}


@article{joint_design,
	author={Chang, P. C. and Gray, R.},
	title={Gradient algorithms for designing predictive vector quantizers}, 
	journal=icassp, 
	year={1986},
	volume={34},
	number={4},
	pages={679-690},
	doi={10.1109/TASSP.1986.1164905}
}

@inproceedings{barowsky2021predictive,
	title={Predictive Coding for Lossless Dataset Compression},
	author={Barowsky, Madeleine and Mariona, Alexander and Calmon, Flavio P},
	booktitle=icassp,
	address={Toronto},
	year={2021},
	month={Jun},
	organization={IEEE}
}

@inproceedings{jhunjhunwala2021adaptive,
	title={Adaptive quantization of model updates for communication-efficient federated learning},
	author={Jhunjhunwala, Divyansh and Gadhikar, Advait and Joshi, Gauri and Eldar, Yonina C},
	booktitle=icassp,
	address={Toronto},
	year={2021},
	month={Jun},
	organization={IEEE}
}



@article{adikari2021compressing,
	title={Compressing gradients by exploiting temporal correlation in momentum-SGD},
	author={Adikari, Tharindu B. and Draper, Stark C.},
	journal=jsait,
	volume={2},
	number={3},
	year={2021},
	doi={10.1109/JSAIT.2021.3103494}
}

@article{al-lawati2021esynchronous,
	title={Asynchronous delayed optimization with time-varying minibatches},
	author={Al-Lawati, Haider and Adikari, Tharindu B. and Draper, Stark C.},
	journal=jsait,
	volume={2},
	number={2},
	pages={784-801},
	year={2021},
	doi={10.1109/JSAIT.2021.3079856}
}

@inproceedings{adikari2020decentralized,
	title={Decentralized Optimization with Non-Identical Sampling in Presence of Stragglers},
	author={Adikari, Tharindu and Draper, Stark},
	booktitle=icassp,
	address={Barcelona},
	year={2020},
	month={May},
	organization={IEEE}
}

@inproceedings{kiani2021hierarchical,
	title={Hierarchical coded elastic computing},
	author={Kiani, Shahrzad and Adikari, Tharindu and Draper, Stark},
	booktitle=icassp,
	address={Toronto},
	month={May},
	year={2021}
}





@inproceedings{ananthanarayanan2013effective,
	title={Effective straggler mitigation: Attack of the clones},
	author={Ananthanarayanan, Ganesh and Ghodsi, Ali and Shenker, Scott and Stoica, Ion},
	booktitle={Symp. on Networked Sys. Design and Implementation},
	pages={185--198},
	year={2013}
}

@inproceedings{jiang2018sketchml,
	title={{SketchML}: Accelerating distributed machine learning with data sketches},
	author={Jiang, Jiawei and Fu, Fangcheng and Yang, Tong and Cui, Bin},
	booktitle={Proc. Int. Conf. on Management of Data},
	month={May},
	year={2018}
}

@inproceedings{mcmahan2016communication,
	title={Communication-efficient learning of deep networks from decentralized data},
	author={McMahan, H Brendan and Moore, Eider and Ramage, Daniel and Hampson, Seth and others},
	booktitle=aistats,
	address={Fort Lauderdale, Florida},
	month={Apr},
	year={2017}
}

@inproceedings{glorot2010understanding,
	title={Understanding the difficulty of training deep feedforward neural networks},
	author={Glorot, Xavier and Bengio, Yoshua},
	booktitle=aistats,
	address={Sardinia, Italy},
	month={Mar},
	year={2010}
}

@inproceedings{ferdinand2018anytime,
	title={Anytime minibatch: Exploiting stragglers in online distributed optimization},
	author={Ferdinand, Nuwan and Al-Lawati, Haider and Draper, Stark and Nokleby, Matthew},
	address={New Orleans},
	booktitle=iclr,
	month = {May},
	year={2019}
}

@inproceedings{lin2018deep,
	title={Deep gradient compression: Reducing the communication bandwidth for distributed training},
	author={Lin, Yujun and Han, Song and Mao, Huizi and Wang, Yu and Dally, William J},
	address={Vancouver},
	booktitle=iclr,
	month = {May},
	year={2018}
}

@inproceedings{ferdinand2018anytimeshort,
	title={Anytime minibatch: Exploiting stragglers in online distributed optimization},
	author={Ferdinand, Nuwan and Al-Lawati, Haider and Draper, Stark and Nokleby, Matthew},
	address={New Orleans},
	booktitle=iclr,
	month = {May},
	year={2019}
}

@inproceedings{ferdinand2017anytime,
	title={Anytime exploitation of stragglers in synchronous stochastic gradient descent},
	author={Ferdinand, Nuwan and Gharachorloo, Benjamin and Draper, Stark C},
	booktitle=icmla,
	address={Cancun},
	month = {Dec},
	year={2017}
}

@inproceedings{sutskever2013importance,
	title={On the importance of initialization and momentum in deep learning},
	author={Sutskever, Ilya and Martens, James and Dahl, George and Hinton, Geoffrey},
	booktitle=icml,
	address={Atlanta},
	month = {Jun},
	year={2013}
}

@inproceedings{bernstein2018signsgd,
	title={{signSGD}: Compressed optimisation for non-convex problems},
	author={Bernstein, Jeremy and Wang, Yu-Xiang and Azizzadenesheli, Kamyar and Anandkumar, Anima},
	booktitle=icml,
	address={Stockholm},
	month = {Jul},
	year={2018}
}

@inproceedings{gao2019rate,
	title={Rate distortion for model compression: From theory to practice},
	author={Gao, Weihao and Liu, Yu-Han and Wang, Chong and Oh, Sewoong},
	booktitle=icml,
	pages={2102--2111},
	year={2019},
	organization={PMLR}
}

@inproceedings{kempe2003gossip,
	title={Gossip-based computation of aggregate information},
	author={Kempe, David and Dobra, Alin and Gehrke, Johannes},
	booktitle={Proc. IEEE Symp. on Foundations of Comp. Science},
	pages={482--491},
	month={Oct},
	year={2003}
}

@inproceedings{wang2018atomo,
	title={{ATOMO}: Communication-efficient learning via atomic sparsification},
	author={Wang, Hongyi and Sievert, Scott and Liu, Shengchao and Charles, Zachary and Papailiopoulos, Dimitris and Wright, Stephen},
	booktitle=nips,
	year={2018}
}

@inproceedings{krizhevsky2012imagenet,
	title={{ImageNet} classification with deep convolutional neural networks},
	author={Krizhevsky, Alex and Sutskever, Ilya and Hinton, Geoffrey E},
	booktitle=nips,
	pages={1097--1105},
	year={2012}
}

@inproceedings{alistarh2017qsgd,
	title={{QSGD}: Communication-efficient {SGD} via gradient quantization and encoding},
	author={Alistarh, Dan and Grubic, Demjan and Li, Jerry and Tomioka, Ryota and Vojnovic, Milan},
	booktitle=nips,
	pages={1709--1720},
	year={2017}
}

@inproceedings{stich2018sparsified,
	title={Sparsified {SGD} with memory},
	author={Stich, Sebastian U and Cordonnier, Jean-Baptiste and Jaggi, Martin},
	booktitle=nips,
	pages={4447--4458},
	year={2018}
}

@inproceedings{krizhevsky2012imagenet,
	title={Imagenet classification with deep convolutional neural networks},
	author={Krizhevsky, Alex and Sutskever, Ilya and Hinton, Geoffrey E},
	booktitle=nips,
	pages={1097--1105},
	year={2012}
}

@inproceedings{seide2014parallelizability,
	title={On parallelizability of stochastic gradient descent for speech {DNNs}},
	author={Seide, Frank and Fu, Hao and Droppo, Jasha and Li, Gang and Yu, Dong},
	booktitle=icassp,
	address={Florence},
	month={May},
	year={2014}
}

@inproceedings{seide20141,
	title={1-Bit Stochastic Gradient Descent and Application to Data-Parallel Distributed Training of Speech {DNNs}},
	author={Seide, Frank and Fu, Hao and Droppo, Jasha and Li, Gang and Yu, Dong},
	booktitle={Conf. Int. Speech Comm. Association},
	address={Singapore},
	month={Sep},
	year={2014}
}

@inproceedings{strom2015scalable,
	title={Scalable distributed {DNN} training using commodity {GPU} cloud computing},
	author={Strom, Nikko},
	booktitle={Conf. Int. Speech Comm. Association},
	year={2015}
}


@inproceedings{yang2019coded,
	title={Coded elastic computing},
	author={Yang, Yaoqing and Interlandi, Matteo and Grover, Pulkit and Kar, Soummya and Amizadeh, Saeed and Weimer, Markus},
	booktitle=isit,
	address={Paris},
	month={Jul},
	year={2019}
}

@article{zhang2017zipml,
	title={{ZipML}: Training linear models with end-to-end low precision, and a little bit of deep learning},
	author={Zhang, Hantian and Li, Jerry and Kara, Kaan and Alistarh, Dan and Liu, Ji and Zhang, Ce},
	journal=icml,
	address={Sydney},
	month={Jul},
	year={2017}
}

@article{wu2018error,
	title={Error compensated quantized {SGD} and its applications to large-scale distributed optimization},
	author={Wu, Jiaxiang and Huang, Weidong and Huang, Junzhou and Zhang, Tong},
	journal=icml,
	address={Stockholm},
	month={Jun},
	year={2018}
}

@article{karimireddy2019error,
	title={Error feedback fixes {SignSGD} and other gradient compression schemes},
	author={Karimireddy, Sai Praneeth and Rebjock, Quentin and Stich, Sebastian U and Jaggi, Martin},
	journal=icml,
	address={California},
	month={Jan},
	year={2019}
}

@inproceedings{sattler2019sparse,
	title={Sparse binary compression: Towards distributed deep learning with minimal communication},
	author={Sattler, Felix and Wiedemann, Simon and M{\"u}ller, Klaus-Robert and Samek, Wojciech},
	booktitle={Int. Joint Conf. Neural Networks},
	address={Budapest},
	month={Jul},
	year={2019}
}

@inproceedings{vogels2020practical,
	title={Practical Low-Rank Communication Compression in Decentralized Deep Learning},
	author={Vogels, Thijs and Karimireddy, Sai Praneeth and Jaggi, Martin},
	booktitle=nips,
	year={2020}
}

@inproceedings{chen2020scalecom,
	title={Scalecom: Scalable sparsified gradient compression for communication-efficient distributed training},
	author={Chen, Chia-Yu and Ni, Jiamin and Lu, Songtao and Cui, Xiaodong and Chen, Pin-Yu and Sun, Xiao and Wang, Naigang and Venkataramani, Swagath and Srinivasan, Vijayalakshmi Viji and Zhang, Wei and others},
	booktitle=nips,
	year={2020}
}

@inproceedings{wen2017terngrad,
	title={{TernGrad}: Ternary gradients to reduce communication in distributed deep learning},
	author={Wen, Wei and Xu, Cong and Yan, Feng and Wu, Chunpeng and Wang, Yandan and Chen, Yiran and Li, Hai},
	booktitle=nips,
	pages={1509--1519},
	year={2017}
}

@inproceedings{zheng2019communication,
	title={Communication-efficient distributed blockwise momentum {SGD} with error-feedback},
	author={Zheng, Shuai and Huang, Ziyue and Kwok, James},
	booktitle=nips,
	pages={11446--11456},
	year={2019}
}

@inproceedings{bottou2009curiously,
	title={Curiously fast convergence of some stochastic gradient descent algorithms},
	author={Bottou, L{\'e}on},
	booktitle={Symp. learning and data science},
	address={Paris},
	month={Apr},
	year={2009}
}

@inproceedings{rabenseifner2004optimization,
	title={Optimization of collective reduction operations},
	author={Rabenseifner, Rolf},
	booktitle={Int. Conf. Computational Science},
	address={Berlin},
	month={Jun},
	year={2004}
}

@inproceedings{he2016deep,
	title={Deep residual learning for image recognition},
	author={He, Kaiming and Zhang, Xiangyu and Ren, Shaoqing and Sun, Jian},
	booktitle={Proc. IEEE conf. computer vision and pattern recognition},
	pages={770--778},
	year={2016}
}

@inproceedings{dryden2016communication,
	title={Communication quantization for data-parallel training of deep neural networks},
	author={Dryden, Nikoli and Moon, Tim and Jacobs, Sam Ade and Van Essen, Brian},
	booktitle={Workshop on Machine Learning in HPC Environments},
	year={2016},
	organization={IEEE}
}







@misc{wikidatasets,
	author={Wikipedia contributors},
	title={List of datasets for machine-learning research --- {Wikipedia}{,} The Free Encyclopedia},
	year={2020},
	howpublished="\url{https://en.wikipedia.org/w/index.php?title=List_of_datasets_for_machine-learning_research}",
	note={[Online; accessed 10-April-2020]}
}
